<record><leader>00000cas a22000007a 4500</leader><controlfield tag="001">22201223</controlfield><controlfield tag="008">900809d19721972couwr ne      0    0eng d</controlfield><datafield ind1=" " ind2=" " tag="010"><subfield code="a">sn 90051535 </subfield></datafield><datafield ind1=" " ind2=" " tag="040"><subfield code="a">CNQ</subfield><subfield code="b">eng</subfield><subfield code="c">CNQ</subfield><subfield code="d">OCLCQ</subfield></datafield><datafield ind1=" " ind2=" " tag="042"><subfield code="a">msc</subfield></datafield><datafield ind1="0" ind2="4" tag="245"><subfield code="a">The chieftain and Bayfield blade.</subfield></datafield><datafield ind1="1" ind2="3" tag="246"><subfield code="a">Chieftain including the Bayfield blade</subfield></datafield><datafield ind1=" " ind2=" " tag="260"><subfield code="a">Ignacio, Colo. :</subfield><subfield code="b">La Plata County Pub. Co.</subfield></datafield><datafield ind1=" " ind2=" " tag="300"><subfield code="a">v.</subfield></datafield><datafield ind1=" " ind2=" " tag="310"><subfield code="a">Weekly</subfield></datafield><datafield ind1="0" ind2=" " tag="362"><subfield code="a">61st year, no. 30 (Apr. 6, 1972)-61st year, no. 42 (June 30, 1972).</subfield></datafield><datafield ind1=" " ind2=" " tag="530"><subfield code="a">Available on microfilm from the Colorado Historical Society.</subfield></datafield><datafield ind1=" " ind2=" " tag="752"><subfield code="a">United States</subfield><subfield code="b">Colorado</subfield><subfield code="c">La Plata</subfield><subfield code="d">Ignacio.</subfield></datafield><datafield ind1="0" ind2="0" tag="780"><subfield code="t">Chieftain (Ignacio, Colo.)</subfield><subfield code="w">(DLC)sn 90051534</subfield></datafield><datafield ind1="0" ind2="0" tag="785"><subfield code="t">Four Corners chieftain and the Bayfield blade</subfield><subfield code="w">(DLC)sn 90051536</subfield></datafield></record>